@online{GoogleAnnouncesOfficial,
  title = {Google Announces Official {{Android}} Support for {{RISC-V}} | {{Ars Technica}}},
  url = {https://arstechnica.com/gadgets/2023/01/google-announces-official-android-support-for-risc-v/},
  urldate = {2023-05-14}
}

@online{ImplicationsWidelyDistributed,
  title = {Implications of Widely Distributed Draft 0.7.1 Implementation(s) · {{Issue}} \#667 · Riscv/Riscv-v-Spec},
  url = {https://github.com/riscv/riscv-v-spec/issues/667},
  urldate = {2023-05-14},
  abstract = {We all would love to see only implementations compatible with the soon to be ratified 1.0 standard. This would ease the software burden and require Linux (etc) distros to have to deal with only RV6...},
  langid = {english},
  organization = {{GitHub}}
}

@online{robinsonAlibabaLaunchesRISCV,
  title = {Alibaba Launches {{RISC-V}} Developer Platform for Edge {{SoCs}}},
  author = {Robinson, Dan},
  url = {https://www.theregister.com/2022/08/25/alibaba_riscv_developer_platform/},
  urldate = {2023-05-14},
  abstract = {Says it's already used Wujian 600 to pull up its own SoC},
  langid = {english}
}

@online{WhyWeVe,
  title = {Why We’ve Levelled up on {{RISC-V}}},
  url = {https://blog.imaginationtech.com/why-weve-levelled-up-on-risc-v},
  urldate = {2023-05-14}
}

@online{Xuantie900Series,
  title = {Xuantie 900 {{Series RVV-0}}.7.1 {{Intrinsic Manual}}},
  url = {https://occ-oss-prod.oss-cn-hangzhou.aliyuncs.com/resource//1659318003104/Xuantie+900+Series+RVV-0.7.1+Intrinsic+Manual.pdf},
  urldate = {2023-05-14}
}
