@online{CrossCompilationAutomake,
  title = {Cross-{{Compilation}} (Automake)},
  url = {https://www.gnu.org/software/automake/manual/html_node/Cross_002dCompilation.html},
  urldate = {2023-12-05}
}
