@online{GeneratingGrammarconformantTexts,
  title = {Generating Grammar-Conformant Texts from {{ANTLR}} Grammars (or Other Way)?},
  url = {https://groups.google.com/g/antlr-discussion/c/6aatRq-IH1U?pli=1},
  urldate = {2024-05-26}
}
