@article{akkadEmbeddedDeepLearning2024,
  title = {Embedded {{Deep Learning Accelerators}}: {{A Survey}} on {{Recent Advances}}},
  shorttitle = {Embedded {{Deep Learning Accelerators}}},
  author = {Akkad, Ghattas and Mansour, Ali and Inaty, Elie},
  date = {2024-05},
  journaltitle = {IEEE Transactions on Artificial Intelligence},
  volume = {5},
  number = {5},
  pages = {1954--1972},
  issn = {2691-4581},
  doi = {10.1109/TAI.2023.3311776},
  url = {https://ieeexplore.ieee.org/document/10239336/?arnumber=10239336},
  eventtitle = {{{IEEE Transactions}} on {{Artificial Intelligence}}}
}

@article{aspertiBolognaOptimalHigherorder1996,
  title = {The Bologna Optimal Higher-Order Machine},
  author = {Asperti, Andrea and Giovannetti, Cecilia and Naletto, Andrea},
  date = {1996-11},
  journaltitle = {Journal of Functional Programming},
  shortjournal = {J. Funct. Prog.},
  volume = {6},
  number = {6},
  pages = {763--810},
  issn = {0956-7968, 1469-7653},
  doi = {10.1017/S0956796800001994},
  url = {https://www.cambridge.org/core/product/identifier/S0956796800001994/type/journal_article},
  langid = {english}
}

@article{barendregtImpactLambdaCalculus1997,
  title = {The {{Impact}} of the {{Lambda Calculus}} in {{Logic}} and {{Computer Science}}},
  author = {Barendregt, Henk},
  date = {1997-06},
  journaltitle = {Bulletin of Symbolic Logic},
  shortjournal = {Bull. symb. log.},
  volume = {3},
  number = {2},
  pages = {181--215},
  issn = {1079-8986, 1943-5894},
  doi = {10.2307/421013},
  url = {https://www.cambridge.org/core/product/identifier/S1079898600007599/type/journal_article},
  langid = {english}
}

@online{bestaGraphProcessingFPGAs2019,
  title = {Graph {{Processing}} on {{FPGAs}}: {{Taxonomy}}, {{Survey}}, {{Challenges}}},
  shorttitle = {Graph {{Processing}} on {{FPGAs}}},
  author = {Besta, Maciej and Stanojevic, Dimitri and Licht, Johannes De Fine and Ben-Nun, Tal and Hoefler, Torsten},
  date = {2019-04-27},
  eprint = {1903.06697},
  eprinttype = {arXiv},
  eprintclass = {cs},
  doi = {10.48550/arXiv.1903.06697},
  url = {http://arxiv.org/abs/1903.06697},
  pubstate = {prepublished}
}

@article{chuiEconomicPotentialGenerative,
  title = {Economic Potential of Generative {{AI}}},
  author = {Chui, Michael and Hazan, Eric and Roberts, Roger and Singla, Alex and Smaje, Kate and Sukharevsky, Alex and Yee, Lareina and Zemmel, Rodney},
  url = {https://www.mckinsey.com/capabilities/mckinsey-digital/our-insights/the-economic-potential-of-generative-ai-the-next-productivity-frontier},
  langid = {english}
}

@inproceedings{dakkakAcceleratingReductionScan2019,
  title = {Accelerating {{Reduction}} and {{Scan Using Tensor Core Units}}},
  booktitle = {Proceedings of the {{ACM International Conference}} on {{Supercomputing}}},
  author = {Dakkak, Abdul and Li, Cheng and Gelado, Isaac and Xiong, Jinjun and Hwu, Wen-mei},
  date = {2019-06-26},
  eprint = {1811.09736},
  eprinttype = {arXiv},
  eprintclass = {cs},
  pages = {46--57},
  doi = {10.1145/3330345.3331057},
  url = {http://arxiv.org/abs/1811.09736},
  langid = {english}
}

@article{davisUniversityFloridaSparse2011,
  title = {The University of {{Florida}} Sparse Matrix Collection},
  author = {Davis, Timothy A. and Hu, Yifan},
  date = {2011-12-07},
  journaltitle = {ACM Trans. Math. Softw.},
  volume = {38},
  number = {1},
  pages = {1:1--1:25},
  issn = {0098-3500},
  doi = {10.1145/2049662.2049663},
  url = {https://doi.org/10.1145/2049662.2049663}
}

@inproceedings{duHighPerformanceSparseLinear2022,
  title = {High-{{Performance Sparse Linear Algebra}} on {{HBM-Equipped FPGAs Using HLS}}: {{A Case Study}} on {{SpMV}}},
  shorttitle = {High-{{Performance Sparse Linear Algebra}} on {{HBM-Equipped FPGAs Using HLS}}},
  booktitle = {Proceedings of the 2022 {{ACM}}/{{SIGDA International Symposium}} on {{Field-Programmable Gate Arrays}}},
  author = {Du, Yixiao and Hu, Yuwei and Zhou, Zhongchun and Zhang, Zhiru},
  date = {2022-02-13},
  pages = {54--64},
  publisher = {ACM},
  location = {Virtual Event USA},
  doi = {10.1145/3490422.3502368},
  url = {https://dl.acm.org/doi/10.1145/3490422.3502368},
  eventtitle = {{{FPGA}} '22: {{The}} 2022 {{ACM}}/{{SIGDA International Symposium}} on {{Field-Programmable Gate Arrays}}},
  isbn = {978-1-4503-9149-8},
  langid = {english}
}

@incollection{fernandezCalculusInteractionNets1999,
  title = {A {{Calculus}} for {{Interaction Nets}}},
  booktitle = {Principles and {{Practice}} of {{Declarative Programming}}},
  author = {Fernández, Maribel and Mackie, Ian},
  editor = {Nadathur, Gopalan},
  editora = {Goos, Gerhard and Hartmanis, Juris and Van Leeuwen, Jan},
  editoratype = {redactor},
  date = {1999},
  volume = {1702},
  pages = {170--187},
  publisher = {Springer Berlin Heidelberg},
  location = {Berlin, Heidelberg},
  doi = {10.1007/10704567_10},
  url = {http://link.springer.com/10.1007/10704567_10},
  isbn = {978-3-540-66540-3 978-3-540-48164-5}
}

@article{garciaPathQueryingGraph2024,
  title = {Path {{Querying}} in {{Graph Databases}}: {{A Systematic Mapping Study}}},
  shorttitle = {Path {{Querying}} in {{Graph Databases}}},
  author = {García, Roberto and Angles, Renzo},
  date = {2024},
  journaltitle = {IEEE Access},
  volume = {12},
  pages = {33154--33172},
  issn = {2169-3536},
  doi = {10.1109/ACCESS.2024.3371976},
  url = {https://ieeexplore.ieee.org/document/10456906},
  eventtitle = {{{IEEE Access}}}
}

@inproceedings{gonthierGeometryOptimalLambda1992,
  title = {The Geometry of Optimal Lambda Reduction},
  booktitle = {Proceedings of the 19th {{ACM SIGPLAN-SIGACT}} Symposium on {{Principles}} of Programming Languages},
  author = {Gonthier, Georges and Abadi, Martín and Lévy, Jean-Jacques},
  date = {1992-02-01},
  series = {{{POPL}} '92},
  pages = {15--26},
  publisher = {Association for Computing Machinery},
  location = {New York, NY, USA},
  doi = {10.1145/143165.143172},
  url = {https://dl.acm.org/doi/10.1145/143165.143172},
  isbn = {978-0-89791-453-6}
}

@article{hindleyPrincipalTypeSchemeObject1969,
  title = {The {{Principal Type-Scheme}} of an {{Object}} in {{Combinatory Logic}}},
  author = {Hindley, R.},
  date = {1969},
  journaltitle = {Transactions of the American Mathematical Society},
  volume = {146},
  eprint = {1995158},
  eprinttype = {jstor},
  pages = {29--60},
  publisher = {American Mathematical Society},
  issn = {0002-9947},
  doi = {10.2307/1995158},
  url = {https://www.jstor.org/stable/1995158}
}

@article{isaac-chassandeDedicatedHardwareAccelerators2024,
  title = {Dedicated {{Hardware Accelerators}} for {{Processing}} of {{Sparse Matrices}} and {{Vectors}}: {{A Survey}}},
  shorttitle = {Dedicated {{Hardware Accelerators}} for {{Processing}} of {{Sparse Matrices}} and {{Vectors}}},
  author = {Isaac–Chassande, Valentin and Evans, Adrian and Durand, Yves and Rousseau, Frédéric},
  date = {2024-06-30},
  journaltitle = {ACM Transactions on Architecture and Code Optimization},
  shortjournal = {ACM Trans. Archit. Code Optim.},
  volume = {21},
  number = {2},
  pages = {1--26},
  issn = {1544-3566, 1544-3973},
  doi = {10.1145/3640542},
  url = {https://dl.acm.org/doi/10.1145/3640542},
  langid = {english}
}

@thesis{jireschExtendingInteractionNets2012,
  type = {Thesis},
  title = {Extending Interaction Nets towards the Real World},
  author = {Jiresch, Eugen Robert Winfried},
  date = {2012},
  institution = {Technische Universität Wien},
  url = {https://repositum.tuwien.at/handle/20.500.12708/12949},
  langid = {english},
  annotation = {Accepted: 2020-06-30T16:02:17Z}
}

@inproceedings{jouppiInDatacenterPerformanceAnalysis2017,
  title = {In-{{Datacenter Performance Analysis}} of a {{Tensor Processing Unit}}},
  booktitle = {Proceedings of the 44th {{Annual International Symposium}} on {{Computer Architecture}}},
  author = {Jouppi, Norman P. and Young, Cliff and Patil, Nishant and Patterson, David and Agrawal, Gaurav and Bajwa, Raminder and Bates, Sarah and Bhatia, Suresh and Boden, Nan and Borchers, Al and Boyle, Rick and Cantin, Pierre-luc and Chao, Clifford and Clark, Chris and Coriell, Jeremy and Daley, Mike and Dau, Matt and Dean, Jeffrey and Gelb, Ben and Ghaemmaghami, Tara Vazir and Gottipati, Rajendra and Gulland, William and Hagmann, Robert and Ho, C. Richard and Hogberg, Doug and Hu, John and Hundt, Robert and Hurt, Dan and Ibarz, Julian and Jaffey, Aaron and Jaworski, Alek and Kaplan, Alexander and Khaitan, Harshit and Killebrew, Daniel and Koch, Andy and Kumar, Naveen and Lacy, Steve and Laudon, James and Law, James and Le, Diemthu and Leary, Chris and Liu, Zhuyuan and Lucke, Kyle and Lundin, Alan and MacKean, Gordon and Maggiore, Adriana and Mahony, Maire and Miller, Kieran and Nagarajan, Rahul and Narayanaswami, Ravi and Ni, Ray and Nix, Kathy and Norrie, Thomas and Omernick, Mark and Penukonda, Narayana and Phelps, Andy and Ross, Jonathan and Ross, Matt and Salek, Amir and Samadiani, Emad and Severn, Chris and Sizikov, Gregory and Snelham, Matthew and Souter, Jed and Steinberg, Dan and Swing, Andy and Tan, Mercedes and Thorson, Gregory and Tian, Bo and Toma, Horia and Tuttle, Erick and Vasudevan, Vijay and Walter, Richard and Wang, Walter and Wilcox, Eric and Yoon, Doe Hyun},
  date = {2017-06-24},
  series = {{{ISCA}} '17},
  pages = {1--12},
  publisher = {Association for Computing Machinery},
  location = {New York, NY, USA},
  doi = {10.1145/3079856.3080246},
  url = {https://dl.acm.org/doi/10.1145/3079856.3080246},
  isbn = {978-1-4503-4892-8}
}

@inproceedings{koopmanChurchEncodingData2014,
  title = {Church {{Encoding}} of {{Data Types Considered Harmful}} for {{Implementations}}: {{Functional Pearl}}},
  shorttitle = {Church {{Encoding}} of {{Data Types Considered Harmful}} for {{Implementations}}},
  booktitle = {Proceedings of the 26nd 2014 {{International Symposium}} on {{Implementation}} and {{Application}} of {{Functional Languages}}},
  author = {Koopman, Pieter and Plasmeijer, Rinus and Jansen, Jan Martin},
  date = {2014-10},
  pages = {1--12},
  publisher = {ACM},
  location = {Boston MA USA},
  doi = {10.1145/2746325.2746330},
  url = {https://dl.acm.org/doi/10.1145/2746325.2746330},
  eventtitle = {{{IFL}} '14: {{International Symposium}} on {{Implementation}} and {{Application}} of {{Functional Languages}}},
  isbn = {978-1-4503-3284-2},
  langid = {english}
}

@article{lafontInteractionCombinators1997a,
  title = {Interaction {{Combinators}}},
  author = {Lafont, Yves},
  date = {1997-08-25},
  journaltitle = {Information and Computation},
  shortjournal = {Information and Computation},
  volume = {137},
  number = {1},
  pages = {69--101},
  issn = {0890-5401},
  doi = {10.1006/inco.1997.2643},
  url = {https://www.sciencedirect.com/science/article/pii/S0890540197926432}
}

@inproceedings{lafontInteractionNets1989,
  title = {Interaction Nets},
  booktitle = {Proceedings of the 17th {{ACM SIGPLAN-SIGACT}} Symposium on {{Principles}} of Programming Languages},
  author = {Lafont, Yves},
  date = {1989-12-01},
  series = {{{POPL}} '90},
  pages = {95--108},
  publisher = {Association for Computing Machinery},
  location = {New York, NY, USA},
  doi = {10.1145/96709.96718},
  url = {https://dl.acm.org/doi/10.1145/96709.96718},
  isbn = {978-0-89791-343-0}
}

@inproceedings{lampingAlgorithmOptimalLambda1990,
  title = {An Algorithm for Optimal Lambda Calculus Reduction},
  booktitle = {Proceedings of the 17th {{ACM SIGPLAN-SIGACT}} Symposium on {{Principles}} of Programming Languages  - {{POPL}} '90},
  author = {Lamping, John},
  date = {1990},
  pages = {16--30},
  publisher = {ACM Press},
  location = {San Francisco, California, United States},
  doi = {10.1145/96709.96711},
  url = {http://portal.acm.org/citation.cfm?doid=96709.96711},
  eventtitle = {The 17th {{ACM SIGPLAN-SIGACT}} Symposium},
  isbn = {978-0-89791-343-0},
  langid = {english}
}

@incollection{mackieInteractionNetImplementation2011,
  title = {An {{Interaction Net Implementation}} of {{Closed Reduction}}},
  booktitle = {Implementation and {{Application}} of {{Functional Languages}}},
  author = {Mackie, Ian},
  editor = {Scholz, Sven-Bodo and Chitil, Olaf},
  date = {2011},
  volume = {5836},
  pages = {43--59},
  publisher = {Springer Berlin Heidelberg},
  location = {Berlin, Heidelberg},
  doi = {10.1007/978-3-642-24452-0_3},
  url = {http://link.springer.com/10.1007/978-3-642-24452-0_3},
  isbn = {978-3-642-24451-3 978-3-642-24452-0}
}

@article{mackieParallelEvaluationInteraction2016,
  title = {Parallel {{Evaluation}} of {{Interaction Nets}}: {{Case Studies}} and {{Experiments}}},
  shorttitle = {Parallel {{Evaluation}} of {{Interaction Nets}}},
  author = {Mackie, Ian and Sato, Shinya},
  date = {2016-04-18},
  journaltitle = {Electronic Communications of the EASST},
  volume = {73},
  issn = {1863-2122},
  doi = {10.14279/tuj.eceasst.73.1034},
  url = {https://eceasst.org/index.php/eceasst/article/view/2205},
  langid = {english}
}

@article{milnerTheoryTypePolymorphism1978,
  title = {A Theory of Type Polymorphism in Programming},
  author = {Milner, Robin},
  date = {1978-12-01},
  journaltitle = {Journal of Computer and System Sciences},
  shortjournal = {Journal of Computer and System Sciences},
  volume = {17},
  number = {3},
  pages = {348--375},
  issn = {0022-0000},
  doi = {10.1016/0022-0000(78)90014-4},
  url = {https://www.sciencedirect.com/science/article/pii/0022000078900144}
}

@online{mohammedPerformanceEnhancementStrategies2022,
  title = {Performance {{Enhancement Strategies}} for {{Sparse Matrix-Vector Multiplication}} ({{SpMV}}) and {{Iterative Linear Solvers}}},
  author = {Mohammed, Thaha and Mehmood, Rashid},
  date = {2022-12-14},
  eprint = {2212.07490},
  eprinttype = {arXiv},
  eprintclass = {cs},
  doi = {10.48550/arXiv.2212.07490},
  url = {http://arxiv.org/abs/2212.07490},
  langid = {english},
  pubstate = {prepublished}
}

@inproceedings{mokhovAlgebraicGraphsClass2017,
  title = {Algebraic Graphs with Class (Functional Pearl)},
  booktitle = {Proceedings of the 10th {{ACM SIGPLAN International Symposium}} on {{Haskell}}},
  author = {Mokhov, Andrey},
  date = {2017-09-07},
  pages = {2--13},
  publisher = {ACM},
  location = {Oxford UK},
  doi = {10.1145/3122955.3122956},
  url = {https://dl.acm.org/doi/10.1145/3122955.3122956},
  eventtitle = {{{ICFP}} '17: {{ACM SIGPLAN International Conference}} on {{Functional Programming}}},
  isbn = {978-1-4503-5182-9},
  langid = {english}
}

@book{peytonjones1987the,
  title = {The Implementation of Functional Programming Languages},
  author = {Peyton Jones, Simon L.},
  date = {1987-04},
  publisher = {Prentice Hall Internaltional (UK) Ltd.},
  url = {https://www.microsoft.com/en-us/research/publication/the-implementation-of-functional-programming-languages-2/}
}

@inproceedings{pintoSequentialConcurrentAbstract2000,
  title = {Sequential and {{Concurrent Abstract Machines}} for {{Interaction Nets}}},
  booktitle = {Foundations of {{Software Science}} and {{Computation Structures}}},
  author = {Pinto, Jorge Sousa},
  editor = {Tiuryn, Jerzy},
  date = {2000},
  pages = {267--282},
  publisher = {Springer},
  location = {Berlin, Heidelberg},
  doi = {10.1007/3-540-46432-8_18},
  isbn = {978-3-540-46432-7},
  langid = {english}
}

@inproceedings{reynoldsDefinitionalInterpretersHigherorder1972,
  title = {Definitional Interpreters for Higher-Order Programming Languages},
  booktitle = {Proceedings of the {{ACM}} Annual Conference on   - {{ACM}} '72},
  author = {Reynolds, John C.},
  date = {1972},
  volume = {2},
  pages = {717--740},
  publisher = {ACM Press},
  location = {Boston, Massachusetts, United States},
  doi = {10.1145/800194.805852},
  url = {http://portal.acm.org/citation.cfm?doid=800194.805852},
  eventtitle = {The {{ACM}} Annual Conference},
  langid = {english}
}

@online{salikhmetovInteractionNetsRussian2013,
  title = {Interaction {{Nets}} in {{Russian}}},
  author = {Salikhmetov, Anton},
  date = {2013-04-05},
  eprint = {1304.1309},
  eprinttype = {arXiv},
  eprintclass = {cs},
  doi = {10.48550/arXiv.1304.1309},
  url = {http://arxiv.org/abs/1304.1309},
  pubstate = {prepublished}
}

@article{salikhmetovTokenpassingOptimalReduction2016,
  title = {Token-Passing {{Optimal Reduction}} with {{Embedded Read-back}}},
  author = {Salikhmetov, Anton},
  date = {2016-09-10},
  journaltitle = {Electronic Proceedings in Theoretical Computer Science},
  shortjournal = {Electron. Proc. Theor. Comput. Sci.},
  volume = {225},
  eprint = {1609.03644},
  eprinttype = {arXiv},
  eprintclass = {cs},
  pages = {45--54},
  issn = {2075-2180},
  doi = {10.4204/EPTCS.225.7},
  url = {http://arxiv.org/abs/1609.03644}
}

@thesis{satoDesignImplementationLowlevel2015,
  type = {thesis},
  title = {Design and Implementation of a Low-Level Language for Interaction Nets},
  author = {Sato, Shinya},
  date = {2015-05-18},
  institution = {University of Sussex},
  url = {https://sussex.figshare.com/articles/thesis/Design_and_implementation_of_a_low-level_language_for_interaction_nets/23417312/1},
  langid = {english}
}

@article{schrijversTypeCheckingOpen2008,
  title = {Type {{Checking}} with {{Open Type Functions}}},
  author = {Schrijvers, Tom and Jones, Simon Peyton and Chakravarty, Manuel and Sulzmann, Martin},
  date = {2008-09-22},
  journaltitle = {ResearchGate},
  doi = {10.1145/1411204.1411215},
  url = {https://www.researchgate.net/publication/221241290_Type_checking_with_open_type_functions},
  langid = {english}
}

@online{shayannajdTreesThatGrow,
  title = {Trees That {{Grow}}},
  author = {{Shayan Najd} and {Simon Peyton Jones}},
  eprinttype = {Verlag der Technischen Universität Graz},
  doi = {10.3217/JUCS-023-01-0042},
  url = {https://lib.jucs.org/article/22912},
  pubstate = {prepublished}
}

@online{silvanoSurveyDeepLearning2024,
  title = {A {{Survey}} on {{Deep Learning Hardware Accelerators}} for {{Heterogeneous HPC Platforms}}},
  author = {Silvano, Cristina and Ielmini, Daniele and Ferrandi, Fabrizio and Fiorin, Leandro and Curzel, Serena and Benini, Luca and Conti, Francesco and Garofalo, Angelo and Zambelli, Cristian and Calore, Enrico and Schifano, Sebastiano Fabio and Palesi, Maurizio and Ascia, Giuseppe and Patti, Davide and Petra, Nicola and Caro, Davide De and Lavagno, Luciano and Urso, Teodoro and Cardellini, Valeria and Cardarilli, Gian Carlo and Birke, Robert and Perri, Stefania},
  date = {2024-07-12},
  eprint = {2306.15552},
  eprinttype = {arXiv},
  eprintclass = {cs},
  doi = {10.48550/arXiv.2306.15552},
  url = {http://arxiv.org/abs/2306.15552},
  langid = {english},
  pubstate = {prepublished}
}

@incollection{sinotCallbyNameCallbyValueTokenPassing2005,
  title = {Call-by-{{Name}} and {{Call-by-Value}} as {{Token-Passing Interaction Nets}}},
  booktitle = {Typed {{Lambda Calculi}} and {{Applications}}},
  author = {Sinot, François-Régis},
  editor = {Urzyczyn, Paweł},
  editora = {Hutchison, David and Kanade, Takeo and Kittler, Josef and Kleinberg, Jon M. and Mattern, Friedemann and Mitchell, John C. and Naor, Moni and Nierstrasz, Oscar and Pandu Rangan, C. and Steffen, Bernhard and Sudan, Madhu and Terzopoulos, Demetri and Tygar, Dough and Vardi, Moshe Y. and Weikum, Gerhard},
  editoratype = {redactor},
  date = {2005},
  volume = {3461},
  pages = {386--400},
  publisher = {Springer Berlin Heidelberg},
  location = {Berlin, Heidelberg},
  doi = {10.1007/11417170_28},
  url = {http://link.springer.com/10.1007/11417170_28},
  isbn = {978-3-540-25593-2 978-3-540-32014-2},
  langid = {english}
}

@article{sinotTokenPassingNetsCallbyNeed2006,
  title = {Token-{{Passing Nets}}: {{Call-by-Need}} for {{Free}}},
  shorttitle = {Token-{{Passing Nets}}},
  author = {Sinot, François-Régis},
  date = {2006-03-03},
  journaltitle = {Electronic Notes in Theoretical Computer Science},
  shortjournal = {Electronic Notes in Theoretical Computer Science},
  series = {Proceedings of the {{First International Workshop}} on {{Developments}} in {{Computational Models}} ({{DCM}} 2005)},
  volume = {135},
  number = {3},
  pages = {129--139},
  issn = {1571-0661},
  doi = {10.1016/j.entcs.2005.09.027},
  url = {https://www.sciencedirect.com/science/article/pii/S1571066106000934}
}

@article{vincentvanoostromLambdascopeAnotherOptimal2004,
  title = {Lambdascope {{Another}} Optimal Implementation of the Lambda-Calculus},
  author = {{Vincent van Oostrom} and {Kees-Jan van de Looij} and {Marijn Zwitserlood}},
  date = {2004-05-04},
  url = {https://citeseerx.ist.psu.edu/document?repid=rep1&type=pdf&doi=61042374787bf6514706b49a5a4f0b74996979a0},
  langid = {english}
}

@online{zhuMobileMachineLearning2018,
  title = {Mobile {{Machine Learning Hardware}} at {{ARM}}: {{A Systems-on-Chip}} ({{SoC}}) {{Perspective}}},
  shorttitle = {Mobile {{Machine Learning Hardware}} at {{ARM}}},
  author = {Zhu, Yuhao and Mattina, Matthew and Whatmough, Paul},
  date = {2018-02-01},
  eprint = {1801.06274},
  eprinttype = {arXiv},
  eprintclass = {cs},
  doi = {10.48550/arXiv.1801.06274},
  url = {http://arxiv.org/abs/1801.06274},
  langid = {english},
  pubstate = {prepublished}
}
